@inproceedings{krishnaswamy2004biophysically,
  title={A biophysically-based spectral model of light interaction with human skin},
  author={Krishnaswamy, Aravind and Baranoski, Gladimir VG},
  booktitle={Computer Graphics Forum},
  volume={23},
  number={3},
  pages={331--340},
  year={2004},
  organization={Wiley Online Library}
}
@inproceedings{campbell20153d,
  title={3D Monte Carlo radiation transfer modelling of photodynamic therapy},
  author={Campbell, C Louise and Christison, Craig and Brown, C Tom A and Wood, Kenneth and Valentine, Ronan M and Moseley, Harry},
  booktitle={Biophotonics South America},
  volume={9531},
  pages={95311H},
  year={2015},
  organization={International Society for Optics and Photonics}
}
@inproceedings{iglesias2015biophysically,
  title={A biophysically-based model of the optical properties of skin aging},
  author={Iglesias-Guitian, Jose A and Aliaga, Carlos and Jarabo, Adrian and Gutierrez, Diego},
  booktitle={Computer Graphics Forum},
  volume={34},
  number={2},
  pages={45--55},
  year={2015},
  organization={Wiley Online Library}
}
@article{meglinski2002quantitative,
  title={Quantitative assessment of skin layers absorption and skin reflectance spectra simulation in the visible and near-infrared spectral regions},
  author={Meglinski, Igor V and Matcher, Stephen J},
  journal={Physiological measurement},
  volume={23},
  number={4},
  pages={741},
  year={2002},
  publisher={Iop Publishing}
}
@manual{prahlblood,
  title  = "Tabulated Molar Extinction Coefficient for Hemoglobin in Water",
  author = "S. Prahl",
  note    = "https://omlc.org/spectra/hemoglobin/summary.html",
  year   = "1999 (accessed June 15, 2019)"
}
@manual{prahlbili,
  title  = "Beta-carotene",
  author = "S. Prahl",
  note    = "https://omlc.org/spectra/PhotochemCAD/html/041.html",
  year   = "2017 (accessed June 15, 2019)"
}
@manual{prahlcaro,
  title  = "Bilirubin",
  author = "S. Prahl",
  note    = "https://omlc.org/spectra/PhotochemCAD/html/119.html",
  year   = "2017 (accessed June 15, 2019)"
}
@manual{prahltyro,
  title  = "Tyrosine",
  author = "S. Prahl",
  note    = "https://omlc.org/spectra/PhotochemCAD/html/092.html",
  year   = "2017 (accessed June 16, 2019)"
}
@manual{prahltryto,
  title  = "Tryptophan",
  author = "S. Prahl",
  note    = "https://omlc.org/spectra/PhotochemCAD/html/091.html",
  year   = "2017 (accessed June 16, 2019)"
}
@phdthesis{louisethesis,
  author       = {C. Campbell}, 
  title        = {Under the skin: Monte Carlo radiation transfer modelling of photodynamic therapy},
  school       = {School of Physics and Astronomy, University of St Andrews},
  year         = "2016",
}
@manual{whodeath,
  title  = "Cardiovascular diseases (CVDs)",
  author = "World Health Organisation",
  note    = "https://www.who.int/en/news-room/fact-sheets/detail/cardiovascular-diseases-(cvds)",
  year   = "17 May 2017 (accessed June 16, 2019)"
}
@article{bhatnagar2016trends,
  title={Trends in the epidemiology of cardiovascular disease in the UK},
  author={Bhatnagar, Prachi and Wickramasinghe, Kremlin and Wilkins, Elizabeth and Townsend, Nick},
  journal={Heart},
  volume={102},
  number={24},
  pages={1945--1952},
  year={2016},
  publisher={BMJ Publishing Group Ltd and British Cardiovascular Society}
}
@article{kollias1998endogenous,
  title={Endogenous skin fluorescence includes bands that may serve as quantitative markers of aging and photoaging},
  author={Kollias, Nikiforos and Gillies, Robert and Moran, Michael and Kochevar, Irene E and Anderson, R Rox},
  journal={Journal of investigative dermatology},
  volume={111},
  number={5},
  pages={776--780},
  year={1998},
  publisher={Elsevier}
}
@article{heikal2010intracellular,
  title={Intracellular coenzymes as natural biomarkers for metabolic activities and mitochondrial anomalies},
  author={Heikal, Ahmed A},
  journal={Biomarkers in medicine},
  volume={4},
  number={2},
  pages={241--263},
  year={2010},
  publisher={Future Medicine}
}
@article{drakaki2009laser,
  title={Laser-induced fluorescence and reflectance spectroscopy for the discrimination of basal cell carcinoma from the surrounding normal skin tissue},
  author={Drakaki, E and Kaselouris, E and Makropoulou, M and Serafetinides, AA and Tsenga, A and Stratigos, AJ and Katsambas, AD and Antoniou, Ch},
  journal={Skin pharmacology and physiology},
  volume={22},
  number={3},
  pages={158},
  year={2009},
  publisher={S. Karger AG}
}
@article{soltani2019deep,
  title={Deep UV dispersion and absorption spectroscopy of biomolecules},
  author={Soltani, Soheil and Ojaghi, Ashkan and Robles, Francisco E},
  journal={Biomedical optics express},
  volume={10},
  number={2},
  pages={487--499},
  year={2019},
  publisher={Optical Society of America}
}
@article{sun2012biomarkers,
  title={Biomarkers spectral subspace for cancer detection},
  author={Sun, Yi and Pu, Yang and Yang, Yuanlong and Alfano, Robert R},
  journal={Journal of biomedical optics},
  volume={17},
  number={10},
  pages={107005},
  year={2012},
  publisher={International Society for Optics and Photonics}
}
@article{islam2013ph,
  title={pH dependence of the fluorescence lifetime of FAD in solution and in cells},
  author={Islam, Md and Honma, Masato and Nakabayashi, Takakazu and Kinjo, Masataka and Ohta, Nobuhiro},
  journal={International journal of molecular sciences},
  volume={14},
  number={1},
  pages={1952--1963},
  year={2013},
  publisher={Multidisciplinary Digital Publishing Institute}
}
@article{evans2013magnetic,
  title={Magnetic field effects in flavoproteins and related systems},
  author={Evans, Emrys W and Dodson, Charlotte A and Maeda, Kiminori and Biskup, Till and Wedge, CJ and Timmel, Christiane R},
  journal={Interface focus},
  volume={3},
  number={5},
  pages={20130037},
  year={2013},
  publisher={The Royal Society}
}
@article{von2012fluorescence,
  title={Fluorescence Properties of Carba Nicotinamide Adenine Dinucleotide for Glucose Sensing},
  author={Von Ketteler, Alexa and Herten, Dirk-Peter and Petrich, Wolfgang},
  journal={ChemPhysChem},
  volume={13},
  number={5},
  pages={1302--1306},
  year={2012},
  publisher={Wiley Online Library}
}
@article{croce2014autofluorescence,
  title={Autofluorescence spectroscopy and imaging: a tool for biomedical research and diagnosis},
  author={Croce, AC and Bottiroli, G},
  journal={European journal of histochemistry: EJH},
  volume={58},
  number={4},
  year={2014},
  publisher={PAGEPress}
}
@article{press1990savitzky,
  title={Savitzky-Golay smoothing filters},
  author={Press, William H and Teukolsky, Saul A},
  journal={Computers in Physics},
  volume={4},
  number={6},
  pages={669--672},
  year={1990},
  publisher={AIP}
}
@article{akbar2014vivo,
  title={In vivo noninvasive measurement of skin autofluorescence biomarkers relate to cardiovascular disease in mice},
  author={Akbar, N and Sokolovski, S and Dunaev, A and Belch, JJF and Rafailov, E and Khan, F},
  journal={Journal of microscopy},
  volume={255},
  number={1},
  pages={42--48},
  year={2014},
  publisher={Wiley Online Library}
}
@article{elahi2009oxidative,
  title={Oxidative stress as a mediator of cardiovascular disease},
  author={Elahi, Maqsood M and Kong, Yu Xiang and Matata, Bashir M},
  journal={Oxidative medicine and cellular longevity},
  volume={2},
  number={5},
  pages={259--269},
  year={2009},
  publisher={Hindawi Publishing Corporation}
}
@article{blacker2016investigating,
  title={Investigating mitochondrial redox state using NADH and NADPH autofluorescence},
  author={Blacker, Thomas S and Duchen, Michael R},
  journal={Free Radical Biology and Medicine},
  volume={100},
  pages={53--65},
  year={2016},
  publisher={Elsevier}
}