@article{mignon2016fractional,
  title={Fractional laser photothermolysis using Bessel beams},
  author={Mignon, Charles and Rodriguez, Aura Higuera and Palero, Jonathan A and Varghese, Babu and Jurna, Martin},
  journal={Biomedical optics express},
  volume={7},
  number={12},
  pages={4974--4981},
  year={2016},
  publisher={Optical Society of America}
}
@article{durnin1987diffraction,
  title={Diffraction-free beams},
  author={Durnin, JJJM and Miceli Jr, JJ and Eberly, JH},
  journal={Physical review letters},
  volume={58},
  number={15},
  pages={1499},
  year={1987},
  publisher={APS}
}
@article{durnin1987exact,
  title={Exact solutions for nondiffracting beams. I. The scalar theory},
  author={Durnin, J},
  journal={JOSA A},
  volume={4},
  number={4},
  pages={651--654},
  year={1987},
  publisher={Optical Society of America}
}