@article{mignon2016fractional,
  title={Fractional laser photothermolysis using Bessel beams},
  author={Mignon, Charles and Rodriguez, Aura Higuera and Palero, Jonathan A and Varghese, Babu and Jurna, Martin},
  journal={Biomedical optics express},
  volume={7},
  number={12},
  pages={4974--4981},
  year={2016},
  publisher={Optical Society of America}
}