@article{badger1994lazzarini,
  title={Lazzarini's lucky approximation of $\pi$},
  author={Badger, Lee},
  journal={Mathematics Magazine},
  volume={67},
  number={2},
  pages={83--91},
  year={1994},
  publisher={Taylor \& Francis}
}
@book{beckmann2015history,
  title={A history of Pi},
  author={Beckmann, Petr},
  year={2015},
  publisher={St. Martin's Griffin}
}
@book{buffon1785histoire,
  title={Histoire naturelle g{\'e}n{\'e}rale et particuli{\`e}re},
  author={Buffon, Georges-Louis Leclerc},
  volume={18},
  year={1785},
  publisher={de l'Imprimerie de F. Dufart}
}
@article{Cookraytracing,
 author = {Cook, Robert L. and Porter, Thomas and Carpenter, Loren},
 title = {Distributed Ray Tracing},
 journal = {SIGGRAPH Comput. Graph.},
 issue_date = {July 1984},
 volume = {18},
 number = {3},
 month = jan,
 year = {1984},
 issn = {0097-8930},
 pages = {137--145},
 numpages = {9},
 url = {http://doi.acm.org/10.1145/964965.808590},
 doi = {10.1145/964965.808590},
 acmid = {808590},
 publisher = {ACM},
 address = {New York, NY, USA},
 keywords = {Camera, Constructive solid geometry, Depth of field, Focus, Gloss, Motion blur, Penumbras, Ray tracing, Shadows, Translucency, Transparency},
}
@article{Kajiyarendering,
 author = {Kajiya, James T.},
 title = {The Rendering Equation},
 journal = {SIGGRAPH Comput. Graph.},
 issue_date = {Aug. 1986},
 volume = {20},
 number = {4},
 month = aug,
 year = {1986},
 issn = {0097-8930},
 pages = {143--150},
 numpages = {8},
 url = {http://doi.acm.org/10.1145/15886.15902},
 doi = {10.1145/15886.15902},
 acmid = {15902},
 publisher = {ACM},
 address = {New York, NY, USA},
}
@book{wall2012practical,
  title={Practical statistics for astronomers},
  author={Wall, Jasper Vivian and Jenkins, Charles R},
  year={2012},
  publisher={Cambridge University Press}
}
@book{jackel2002monte,
  title={Monte Carlo methods in finance},
  author={J{\"a}ckel, Peter},
  year={2002},
  publisher={J. Wiley}
}
@article{finaceprrof,
  title={Risk analysis in capital investment},
  author={Hertz, David B},
  journal={Harvard Business Review},
  volume={42},
  number={1},
  pages={95--106},
  year={1964}
}
@article{montybeg1,
  title={The beginning of the {M}onte {C}arlo method},
  author={Metropolis, Nicholas},
  journal={Los Alamos Science},
  volume={15},
  pages={125--130},
  year={1987}
}
@article{eckhardt1987stan,
  title={{S}tan {U}lam, {J}ohn von {N}eumann, and the {M}onte {C}arlo method},
  author={Eckhardt, Roger},
  journal={Los Alamos Science},
  volume={15},
  pages={131-136},
  year={1987}
}
@article{anderson1986metropolis,
  title={{M}etropolis, {M}onte {C}arlo, and the {MANIAC}},
  author={Anderson, HL},
  journal={Los Alamos Science },
  volume={14},
  pages={96-108},
  year={1986}
}
@article{ulam1947statistical,
  title={Statistical methods in neutron diffusion},
  author={Ulam, Stanislaw and Richtmyer, RD and Von Neumann, J},
  journal={LAMS-551, Los Alamos National Laboratory},
  pages={1--22},
  year={1947}
}
@article{1stmonty,
  title={A Monte Carlo model for the absorption and flux distributions of light in tissue},
  author={Wilson, BC and Adam, G},
  journal={Medical Physics},
  volume={10},
  number={6},
  pages={824--830},
  year={1983},
  publisher={American Association of Physicists in Medicine}
}
@article{wood1999model,
  title={A model for the scattered light contribution and polarization of the diffuse H$\alpha$ galactic background},
  author={Wood, Kenneth and Reynolds, RJ},
  journal={The Astrophysical Journal},
  volume={525},
  number={2},
  pages={799},
  year={1999},
  publisher={IOP Publishing}
}
@article{rogers1995beam,
  title={BEAM: a Monte Carlo code to simulate radiotherapy treatment units},
  author={Rogers, DWO and Faddegon, BA and Ding, GX and Ma, C-M and We, J and Mackie, TR},
  journal={Medical physics},
  volume={22},
  number={5},
  pages={503--524},
  year={1995},
  publisher={Wiley Online Library}
}