@article{singh2016application,
  title={Application of gold nanorods for photothermal therapy in ex vivo human oesophagogastric adenocarcinoma},
  author={Singh, M. and Harris-Birtill, D.C.C and Zhou, Y. and Gallina, M.E and Cass, A.E.G and Hanna, G.B and Elson, D.S},
  journal={Journal of biomedical nanotechnology},
  volume={12},
  number={3},
  pages={481--490},
  year={2016},
  publisher={American Scientific Publishers}
}
@article{gallina2016aptamer,
  title={Aptamer-conjugated, fluorescent gold nanorods as potential cancer theradiagnostic agents},
  author={Gallina, M.E and Zhou, Y. and Johnson, C.J and Harris-Birtill, D. and Singh, M. and Zhao, H. and Ma, D. and Cass, T. and Elson, D.S},
  journal={Materials Science and Engineering: C},
  volume={59},
  pages={324--332},
  year={2016},
  publisher={Elsevier}
}
@article{vellekoop2007focusing,
  title={Focusing coherent light through opaque strongly scattering media},
  author={Vellekoop, Ivo M and Mosk, AP},
  journal={Optics letters},
  volume={32},
  number={16},
  pages={2309--2311},
  year={2007},
  publisher={Optical Society of America}
}
@article{horstmeyer2015guidestar,
  title={Guidestar-assisted wavefront-shaping methods for focusing light into biological tissue},
  author={Horstmeyer, Roarke and Ruan, Haowen and Yang, Changhuei},
  journal={Nature photonics},
  volume={9},
  number={9},
  pages={563},
  year={2015},
  publisher={Nature Publishing Group}
}
@article{vcivzmar2010situ,
  title={In situ wavefront correction and its application to micromanipulation},
  author={{\v{C}}i{\v{z}}m{\'a}r, Tom{\'a}{\v{s}} and Mazilu, Michael and Dholakia, Kishan},
  journal={Nature Photonics},
  volume={4},
  number={6},
  pages={388},
  year={2010},
  publisher={Nature Publishing Group}
}