@article{el2018digital,
  title={Digital twins: The convergence of multimedia technologies},
  author={El Saddik, A.},
  journal={IEEE MultiMedia},
  volume={25},
  number={2},
  pages={87--92},
  year={2018},
  publisher={IEEE}
}
@article{brooks1976principles,
  title={Principles of computer assisted tomography (CAT) in radiographic and radioisotopic imaging},
  author={Brooks, R.A and Di Chiro, G.},
  journal={Physics in Medicine \& Biology},
  volume={21},
  number={5},
  pages={689},
  year={1976},
  publisher={IOP Publishing}
}
@article{aaqvist1994new,
  title={A new method for predicting binding affinity in computer-aided drug design},
  author={{\AA}qvist, J. and Medina, C. and Samuelsson, JE.},
  journal={Protein Engineering, Design and Selection},
  volume={7},
  number={3},
  pages={385--391},
  year={1994},
  publisher={Oxford University Press}
}
@article{lill2011computer,
  title={Computer-aided drug design platform using PyMOL},
  author={Lill, M.A and Danielson, M.L},
  journal={Journal of computer-aided molecular design},
  volume={25},
  number={1},
  pages={13--19},
  year={2011},
  publisher={Springer}
}
@inproceedings{liu2014early,
  title={Early diagnosis of Alzheimer's disease with deep learning},
  author={Liu, S. and Liu, S. and Cai, W. and Pujol, S. and Kikinis, R. and Feng, D.},
  booktitle={2014 IEEE 11th international symposium on biomedical imaging (ISBI)},
  pages={1015--1018},
  year={2014},
  organization={IEEE}
}
@inproceedings{sun2016computer,
  title={Computer aided lung cancer diagnosis with deep learning algorithms},
  author={Sun, W. and Zheng, B. and Qian, W.},
  booktitle={Medical imaging 2016: computer-aided diagnosis},
  volume={9785},
  pages={97850Z},
  year={2016},
  organization={International Society for Optics and Photonics}
}
@article{al2012digital,
  title={Digital pathology: current status and future perspectives},
  author={Al-Janabi, S. and Huisman, A. and Van Diest, P.J},
  journal={Histopathology},
  volume={61},
  number={1},
  pages={1--9},
  year={2012},
  publisher={Wiley Online Library}
}
@inproceedings{henkvanhouten2018, 
  title={ The rise of the digital twin: how healthcare can benefit},
  booktitle={https://www.philips.com/a-w/about/news/archive/blogs/innovation-matters/20180830-the-rise-of-the-digital-twin-how-healthcare-can-benefit.html}, 
  journal={The rise of the digital twin: how healthcare can benefit}, 
  publisher={Philips}, 
  author={H. van Houten}, 
  year={2018}, 
  month={Aug}
}