@article{verdaasdonk1990explosive,
  title={Explosive onset of continuous wave laser tissue ablation},
  author={Verdaasdonk, RM and Borst, C and Van Gemert, MJC},
  journal={Physics in Medicine \& Biology},
  volume={35},
  number={8},
  pages={1129},
  year={1990},
  publisher={IOP Publishing}
}
@incollection{wright2015quantitative,
  title={Quantitative models of thermal damage to cells and tissues},
  author={Wright, Neil T},
  booktitle={Heat Transfer and Fluid Flow in Biological Processes},
  pages={59--76},
  year={2015},
  publisher={Elsevier}
}
@book{widder1976heat,
  title={The heat equation},
  author={Widder, David Vernon},
  volume={67},
  year={1976},
  publisher={Academic Press}
}
@book{ozisik1994finite,
  title={Finite difference methods in heat transfer},
  author={Ozisik, Necati},
  year={1994},
  publisher={CRC press}
}
@article{lucy1999computing,
  title={Computing radiative equilibria with Monte Carlo techniques},
  author={Lucy, LB},
  journal={Astronomy and Astrophysics},
  volume={344},
  pages={282--288},
  year={1999}
}
@article{campbell2015monte,
  title={Monte carlo modelling of daylight activated photodynamic therapy},
  author={Campbell, Catherine Louise and Wood, Kenny and Valentine, RM and Brown, C Tom A and Moseley, H},
  journal={Physics in Medicine \& Biology},
  volume={60},
  number={10},
  pages={4059},
  year={2015},
  publisher={IOP Publishing}
}
@article{wood2005estimating,
  title={Estimating the porosity of the interstellar medium from three-dimensional photoionization modeling of h ii regions},
  author={Wood, Kenneth and Haffner, LM and Reynolds, RJ and Mathis, John S and Madsen, Greg},
  journal={The Astrophysical Journal},
  volume={633},
  number={1},
  pages={295},
  year={2005},
  publisher={IOP Publishing}
}
@article{barnard2018quantifying,
  title={Quantifying Direct DNA Damage in the Basal Layer of Skin Exposed to UV Radiation From Sunbeds},
  author={Barnard, Isla Rose Mary and Tierney, Patrick and Campbell, Catherine Louise and McMillan, Lewis and Moseley, Harry and Eadie, Ewan and Brown, Christian Tom Alcuin and Wood, Kenneth},
  journal={Photochemistry and photobiology},
  publisher={Wiley Online Library}
}
@article{yao1999monte,
  title={Monte Carlo simulation of an optical coherence tomography signal in homogeneous turbid media},
  author={Yao, Gang and Wang, Lihong V},
  journal={Physics in Medicine \& Biology},
  volume={44},
  number={9},
  pages={2307},
  year={1999},
  publisher={IOP Publishing}
}
@article{welch1997propagation,
  title={Propagation of fluorescent light},
  author={Welch, AJ and Gardner, Craig and Richards-Kortum, Rebecca and Chan, Eric and Criswell, Glen and Pfefer, Josh and Warren, Steve},
  journal={Lasers in Surgery and Medicine: The Official Journal of the American Society for Laser Medicine and Surgery},
  volume={21},
  number={2},
  pages={166--178},
  year={1997},
  publisher={Wiley Online Library}
}
@article{hendriques1947studies,
  title={Studies of thermal injury; the predictability and the significance of thermally induced rate processes leading to irreversible epidermal injury},
  author={Hendriques, FC Jr},
  journal={Arch. Pathol.(Chic)},
  volume={43},
  pages={489--502},
  year={1947}
}
@article{jiang2002effects,
  title={Effects of thermal properties and geometrical dimensions on skin burn injuries},
  author={Jiang, SC and Ma, N and Li, HJ and Zhang, XX},
  journal={Burns},
  volume={28},
  number={8},
  pages={713--717},
  year={2002},
  publisher={Elsevier}
}
@inproceedings{pearce2009relationship,
  title={Relationship between Arrhenius models of thermal damage and the CEM 43 thermal dose},
  author={Pearce, John A},
  booktitle={Energy-based Treatment of Tissue and Assessment V},
  volume={7181},
  pages={718104},
  year={2009},
  organization={International Society for Optics and Photonics}
}
@article{diller1983finite,
  title={A finite element model of burn injury in blood-perfused skin},
  author={Diller, KR and Hayes, LJ},
  journal={Journal of biomechanical engineering},
  volume={105},
  number={3},
  pages={300--307},
  year={1983},
  publisher={American Society of Mechanical Engineers}
}
@phdthesis{segelstein1981complex,
  title={The complex refractive index of water},
  author={Segelstein, David J},
  year={1981},
  school={University of Missouri--Kansas City}
}
@article{gerstmann1994char,
  title={Char formation in tissue irradiated with a {CO} 2 laser: model and simulations},
  author={Gerstmann, Miron and Linenberg, Y and Katzir, Abraham and Akselrod, Solange},
  journal={Optical Engineering},
  volume={33},
  number={7},
  pages={2343--2352},
  year={1994},
  publisher={International Society for Optics and Photonics}
}
@article{haedersdal2010fractional,
  title={Fractional CO2 laser-assisted drug delivery},
  author={H{\ae}dersdal, Merete and Sakamoto, Fernanda H and Farinelli, William A and Doukas, Apostolos G and Tam, Josh and Anderson, R Rox},
  journal={Lasers in Surgery and Medicine: The Official Journal of the American Society for Laser Medicine and Surgery},
  volume={42},
  number={2},
  pages={113--122},
  year={2010},
  publisher={Wiley Online Library}
}
@article{tan1989treatment,
  title={Treatment of children with port-wine stains using the flashlamp-pulsed tunable dye laser},
  author={Tan, Oon Tian and Sherwood, Karen and Gilchrest, Barbara A},
  journal={New England journal of medicine},
  volume={320},
  number={7},
  pages={416--421},
  year={1989},
  publisher={Mass Medical Soc}
}
@article{kuperman2001laser,
  title={Laser removal of tattoos},
  author={Kuperman-Beade, Marina and Levine, Vicki J and Ashinoff, Robin},
  journal={American journal of clinical dermatology},
  volume={2},
  number={1},
  pages={21--25},
  year={2001},
  publisher={Springer}
}
@article{liew2002laser,
  title={Laser hair removal},
  author={Liew, Se Hwang},
  journal={American journal of clinical dermatology},
  volume={3},
  number={2},
  pages={107--115},
  year={2002},
  publisher={Springer}
}
@article{hardaway2002nonablative,
  title={Nonablative laser skin remodeling.},
  author={Hardaway, Christina A and Ross, E Victor},
  journal={Dermatologic clinics},
  volume={20},
  number={1},
  pages={97--111},
  year={2002}
}
@article{amini2010ultrafast,
  title={Ultrafast mid-IR laser scalpel: protein signals of the fundamental limits to minimally invasive surgery},
  author={Amini-Nik, Saeid and Kraemer, Darren and Cowan, Michael L and Gunaratne, Keith and Nadesan, Puviindran and Alman, Benjamin A and Miller, RJ Dwayne},
  journal={PLoS One},
  volume={5},
  number={9},
  pages={e13053},
  year={2010},
  publisher={Public Library of Science}
}
@article{shapshay1980removal,
  title={Removal of rhinophyma with the carbon dioxide laser: a preliminary report},
  author={Shapshay, Stanley M and Strong, M Stuart and Anastasi, Gaspar W and Vaughan, Charles W},
  journal={Archives of Otolaryngology},
  volume={106},
  number={5},
  pages={257--259},
  year={1980},
  publisher={American Medical Association}
}
@article{harry2010advanced,
  title={Advanced LIGO: the next generation of gravitational wave detectors},
  author={Harry, Gregory M and LIGO Scientific Collaboration and others},
  journal={Classical and Quantum Gravity},
  volume={27},
  number={8},
  pages={084006},
  year={2010},
  publisher={IOP Publishing}
}
@book{bromberg1991laser,
  title={The laser in America, 1950-1970},
  author={Bromberg, Joan Lisa},
  year={1991},
  publisher={MIT Press}
}
@article{valcavi2010percutaneous,
  title={Percutaneous laser ablation of cold benign thyroid nodules: a 3-year follow-up study in 122 patients},
  author={Valcavi, Roberto and Riganti, Fabrizio and Bertani, Angelo and Formisano, Debora and Pacella, Claudio M},
  journal={Thyroid},
  volume={20},
  number={11},
  pages={1253--1261},
  year={2010},
  publisher={Mary Ann Liebert, Inc. 140 Huguenot Street, 3rd Floor New Rochelle, NY 10801 USA}
}
@article{manstein2004fractional,
  title={Fractional photothermolysis: a new concept for cutaneous remodeling using microscopic patterns of thermal injury},
  author={Manstein, Dieter and Herron, G Scott and Sink, R Kehl and Tanner, Heather and Anderson, R Rox},
  journal={Lasers in Surgery and Medicine: The Official Journal of the American Society for Laser Medicine and Surgery},
  volume={34},
  number={5},
  pages={426--438},
  year={2004},
  publisher={Wiley Online Library}
}
@article{choi2001analysis,
  title={Analysis of thermal relaxation during laser irradiation of tissue},
  author={Choi, Bernard and Welch, Ashley J},
  journal={Lasers in Surgery and Medicine: The Official Journal of the American Society for Laser Medicine and Surgery},
  volume={29},
  number={4},
  pages={351--359},
  year={2001},
  publisher={Wiley Online Library}
}
@inproceedings{amdahl1967validity,
  title={Validity of the single processor approach to achieving large scale computing capabilities},
  author={Amdahl, Gene M},
  booktitle={Proceedings of the April 18-20, 1967, spring joint computer conference},
  pages={483--485},
  year={1967},
  organization={ACM}
}
@article{mckenzie1986three,
  title={A three-zone model of soft-tissue damage by a {CO}2 laser},
  author={McKenzie, Alan L},
  journal={Physics in Medicine \& Biology},
  volume={31},
  number={9},
  pages={967},
  year={1986},
  publisher={IOP Publishing}
}
@book{welch2011optical,
  title={Optical-thermal response of laser-irradiated tissue},
  author={Welch, Ashley J and Van Gemert, Martin JC and others},
  volume={2},
  year={2011},
  publisher={Springer}
}
@book{niemz2013laser,
  title={Laser-tissue interactions: fundamentals and applications},
  author={Niemz, Markolf H},
  year={2013},
  publisher={Springer Science \& Business Media}
}
@article{petrella2013popcorn,
  title={Popcorn effect},
  author={Petrella, Francesco and Cavaliere, Sergio and Spaggiari, Lorenzo},
  journal={Journal of bronchology \& interventional pulmonology},
  volume={20},
  number={2},
  pages={193--194},
  year={2013},
  publisher={LWW}
}
@article{vogel2003mechanisms,
  title={Mechanisms of pulsed laser ablation of biological tissues},
  author={Vogel, Alfred and Venugopalan, Vasan},
  journal={Chemical reviews},
  volume={103},
  number={2},
  pages={577--644},
  year={2003},
  publisher={ACS Publications}
}
@article{kong2008efficient,
  title={Efficient, automated Monte Carlo methods for radiation transport},
  author={Kong, Rong and Ambrose, Martin and Spanier, Jerome},
  journal={Journal of computational physics},
  volume={227},
  number={22},
  pages={9463--9476},
  year={2008},
  publisher={Elsevier}
}
@article{boas2002three,
  title={Three dimensional Monte Carlo code for photon migration through complex heterogeneous media including the adult human head},
  author={Boas, David A and Culver, JP and Stott, JJ and Dunn, AK},
  journal={Optics express},
  volume={10},
  number={3},
  pages={159--170},
  year={2002},
  publisher={Optical Society of America}
}
@article{patwardhan2005monte,
  title={Monte Carlo simulation of light-tissue interaction: three-dimensional simulation for trans-illumination-based imaging of skin lesions},
  author={Patwardhan, Sachin V and Dhawan, Atam P and Relue, Patricia A},
  journal={IEEE transactions on biomedical engineering},
  volume={52},
  number={7},
  pages={1227--1236},
  year={2005},
  publisher={IEEE}
}
@article{sagi1992heating,
  title={Heating of biological tissue by laser irradiation: temperature distribution during laser ablation},
  author={Sagi, Aharon and Avidor-Zehavi, Ariella and Shitzer, Avraham and Gerstmann, Miron and Akselrod, Solange and Katzir, A},
  journal={Opt. Eng},
  volume={31},
  number={7},
  pages={1425--1431},
  year={1992}
}
@article{mckenzie1990physics,
  title={Physics of thermal processes in laser-tissue interaction},
  author={McKenzie, AL},
  journal={Physics in Medicine \& Biology},
  volume={35},
  number={9},
  pages={1175},
  year={1990},
  publisher={IOP Publishing}
}
@article{meglinski2002quantitative,
  title={Quantitative assessment of skin layers absorption and skin reflectance spectra simulation in the visible and near-infrared spectral regions},
  author={Meglinski, Igor V and Matcher, Stephen J},
  journal={Physiological measurement},
  volume={23},
  number={4},
  pages={741},
  year={2002},
  publisher={Iop Publishing}
}
@online{pixelco2,
author = {Alma Lasers},
title = {Pixel {C}{O}2},
year = {2018},
url = {https://www.almalasers.com/alma-products/pixel-co2/},
urldate = {2018-11-17}
}
@article{alexiades2008spectrum,
  title={The spectrum of laser skin resurfacing: nonablative, fractional, and ablative laser resurfacing},
  author={Alexiades-Armenakas, Macrene R and Dover, Jeffrey S and Arndt, Kenneth A},
  journal={Journal of the American Academy of Dermatology},
  volume={58},
  number={5},
  pages={719--737},
  year={2008},
  publisher={Elsevier}
}
@article{wang1995mcml,
  title={MCML—Monte Carlo modeling of light transport in multi-layered tissues},
  author={Wang, Lihong and Jacques, Steven L and Zheng, Liqiong},
  journal={Computer methods and programs in biomedicine},
  volume={47},
  number={2},
  pages={131--146},
  year={1995},
  publisher={Elsevier}
}
@article{ye2017thermal,
  title={Thermal injury of skin and subcutaneous tissues: A review of experimental approaches and numerical models},
  author={Ye, Hanglin and De, Suvranu},
  journal={Burns},
  volume={43},
  number={5},
  pages={909--932},
  year={2017},
  publisher={Elsevier}
}
@article{loiola2018thermal,
  title={Thermal damage during ablation of biological tissues},
  author={Loiola, Bruna R and Orlande, Helcio RB and Dulikravich, George S},
  journal={Numerical Heat Transfer, Part A: Applications},
  pages={1--17},
  year={2018},
  publisher={Taylor \& Francis}
}
@article{lapidoth2014fractional,
  title={Fractional CO2 laser in the treatment of facial scars in children},
  author={Lapidoth, Moshe and Halachmi, Shlomit and Cohen, Sarit and Amitai, Dan Ben},
  journal={Lasers in medical science},
  volume={29},
  number={2},
  pages={855--857},
  year={2014},
  publisher={Springer}
}
@article{trelles2011safe,
  title={Safe and effective one-session fractional skin resurfacing using a carbon dioxide laser device in super-pulse mode: a clinical and histologic study},
  author={Trelles, Mario A and Shohat, Michael and Urdiales, Fernando},
  journal={Aesthetic plastic surgery},
  volume={35},
  number={1},
  pages={31--42},
  year={2011},
  publisher={Springer}
}
@article{kohl2015fractional,
  title={Fractional carbon dioxide laser resurfacing of rhytides and photoaged skin--a prospective clinical study on patient expectation and satisfaction},
  author={Kohl, Elisabeth and Meierh{\"o}fer, Julia and Koller, Michael and Zeman, Florian and Groesser, Leopold and Karrer, Sigrid and Hohenleutner, Ulrich and Landthaler, Michael and Hohenleutner, Silvia},
  journal={Lasers in surgery and medicine},
  volume={47},
  number={2},
  pages={111--119},
  year={2015},
  publisher={Wiley Online Library}
}